name,price,unit,imageUrl,product_type
La Espanola Natives Olivenöl extra virgen 500ml,"8,99 €","500ml (1 l = 17,98 €)",https://img.rewe-static.de/5475872/1207850_digital-image.png?imwidth=304&impolicy=kues,olivenoel
Fiore Natives Olivenöl extra 750ml,"8,99 €","0,75l (1 l = 11,99 €)",https://img.rewe-static.de/2372767/23629840_digital-image.png?imwidth=304&impolicy=kues,olivenoel
Bertolli Cucina Olivenöl 500ml,"7,99 €","500ml (1 l = 15,98 €)",https://img.rewe-static.de/4874854/27775625_digital-image.png?imwidth=304&impolicy=kues,olivenoel
REWE Bio Natives Olivenöl extra 500ml,"7,99 €","500ml (1 l = 15,98 €)",https://img.rewe-static.de/0201409/26303545_digital-image.png?imwidth=304&impolicy=kues,olivenoel
Bertolli Originale Natives Olivenöl Extra 500ml,"7,99 €","500ml (1 l = 15,98 €)",https://img.rewe-static.de/6551025/33112554_digital-image.png?imwidth=304&impolicy=kues,olivenoel
REWE Feine Welt Natives Olivenöl extra Lesvos g.g.A. 500ml,"8,99 €","500ml (1 l = 17,98 €)",https://img.rewe-static.de/2178952/22944258_digital-image.png?imwidth=304&impolicy=kues,olivenoel
De Cecco Natives Olivenöl extra Classico 500ml,"7,49 €","500ml (1 l = 14,98 €)",https://img.rewe-static.de/8104730/28768542_digital-image.png?imwidth=304&impolicy=kues,olivenoel
REWE Bio Natives Olivenöl 750ml,"6,95 €","750ml (1 l = 9,27 €)",https://img.rewe-static.de/8427501/31887593_digital-image.png?imwidth=304&impolicy=kues,olivenoel
Rewe Beste Wahl Italienisches Natives Olivenöl 500ml,"8,99 €","500ml (1 l = 17,98 €)",https://img.rewe-static.de/8425181/31525366_digital-image.png?imwidth=304&impolicy=kues,olivenoel
"Gaea Olivenöl extra Hania 0,5l","11,99 €","500ml (1 l = 23,98 €)",https://img.rewe-static.de/1436312/23691880_digital-image.png?imwidth=304&impolicy=kues,olivenoel
Kunella Natives Olivenöl extra kaltgepreßt 250ml,"6,49 €","250ml (1 l = 25,96 €)",https://img.rewe-static.de/3866475/661340_digital-image.png?imwidth=304&impolicy=kues,olivenoel
Bertolli Bio Natives Olivenöl Extra 500ml,"8,99 €","500ml (1 kg = 17,98 €)",https://img.rewe-static.de/7251096/27890484_digital-image.png?imwidth=304&impolicy=kues,olivenoel
REWE Beste Wahl Olivenöl raffiniert 500ml,"6,99 €","500ml (1 l = 13,98 €)",https://img.rewe-static.de/7288865/28854683_digital-image.png?imwidth=304&impolicy=kues,olivenoel
Bertolli Gentile Natives Olivenöl Extra 500ml,"7,99 €","500ml (1 l = 15,98 €)",https://img.rewe-static.de/0394440/2425580_digital-image.png?imwidth=304&impolicy=kues,olivenoel
De Cecco Natives Olivenöl extra Fruttato 500ml,"7,49 €","500ml (1 l = 14,98 €)",https://img.rewe-static.de/8253727/29841914_digital-image.png?imwidth=304&impolicy=kues,olivenoel
De Cecco Bio Natives Olivenöl Extra 500ml,"9,99 €","500ml (1 l = 19,98 €)",https://img.rewe-static.de/8475575/32112160_digital-image.png?imwidth=304&impolicy=kues,olivenoel
Piatti Onorati Bio Demeter Olivenöl nativ 500ml,"13,99 €","500ml (1 l = 27,98 €)",https://img.rewe-static.de/9099363/43644758_digital-image.png?imwidth=304&impolicy=kues,olivenoel
Bertolli Bratolivenöl 500ml,"6,99 €","500ml (1 l = 13,98 €)",https://img.rewe-static.de/7894863/33970699_digital-image.png?imwidth=304&impolicy=kues,olivenoel
ja! Natives Olivenöl extra 750ml,"5,99 €","750ml (1 l = 7,99 €)",https://img.rewe-static.de/0420386/24710761_digital-image.png?imwidth=304&impolicy=kues,olivenoel
Bautz'ner Tomaten Ketchup 1l,"2,99 €",1l,https://img.rewe-static.de/1102949/11760240_digital-image.png?imwidth=304&impolicy=kues,sossen
REWE Beste Wahl Tomatenketchup 300ml,"1,29 €","300ml (1 l = 4,30 €)",https://img.rewe-static.de/7262335/28365301_digital-image.png?imwidth=304&impolicy=kues,sossen
Heinz Tomato Ketchup 400ml,"2,79 €","400ml (1 l = 6,98 €)",https://img.rewe-static.de/2411634/23868581_digital-image.png?imwidth=304&impolicy=kues,sossen
Werder Feinkost Tomatenketchup 450ml,"2,29 €","450ml (1 l = 5,09 €)",https://img.rewe-static.de/7170327/20674902_digital-image.png?imwidth=304&impolicy=kues,sossen
Werder Feinkost Tomatenketchup 750ml,"3,29 €","750ml (1 l = 4,39 €)",https://img.rewe-static.de/1066994/1681110_digital-image.png?imwidth=304&impolicy=kues,sossen
Born Tomaten Ketchup 450ml,"1,99 €","450ml (1 l = 4,42 €)",https://img.rewe-static.de/7787596/1026530_digital-image.png?imwidth=304&impolicy=kues,sossen
Werder Curry Ketchup Delikat 450ml,"2,29 €","450ml (1 l = 5,09 €)",https://img.rewe-static.de/9049836/42285741_digital-image.png?imwidth=304&impolicy=kues,sossen
Bautz'ner Quetch'up Tomatenketchup 500ml,"2,29 €",500ml,https://img.rewe-static.de/7629896/43112928_digital-image.png?imwidth=304&impolicy=kues,sossen
Werder Hot Chili Ketchup 450ml,"2,29 €","450ml (1 l = 5,09 €)",https://img.rewe-static.de/2328429/24930905_digital-image.png?imwidth=304&impolicy=kues,sossen
Werder Feinkost Tomatenketchup ohne Zuckerzusatz 450ml,"2,29 €","450ml (1 l = 5,09 €)",https://img.rewe-static.de/0167712/1348210_digital-image.png?imwidth=304&impolicy=kues,sossen
REWE Bio Tomatenketchup 500ml,"1,89 €","500ml (1 l = 3,78 €)",https://img.rewe-static.de/0201400/2074620_digital-image.png?imwidth=304&impolicy=kues,sossen
Werder Feinkost Bio Kinder Tomaten Ketchup 450ml,"3,39 €","450ml (1 l = 7,53 €)",https://img.rewe-static.de/8896076/39083305_digital-image.png?imwidth=304&impolicy=kues,sossen
Heinz Tomato Ketchup ohne Zusatz von Zucker und Salz 400ml,"3,49 €","400ml (1 l = 8,73 €)",https://img.rewe-static.de/8401001/31062006_digital-image.png?imwidth=304&impolicy=kues,sossen
Werder Feinkost Premium-Tomatenketchup 450ml,"2,59 €","450ml (1 l = 5,76 €)",https://img.rewe-static.de/7447051/7470520_digital-image.png?imwidth=304&impolicy=kues,sossen
Hela Gewürzketchup Curry Delikat 800ml,"3,39 €","800ml (1 l = 4,24 €)",https://img.rewe-static.de/7633236/41788887_digital-image.png?imwidth=304&impolicy=kues,sossen
Hela Gewürzketchup 30% weniger Zucker 300ml,"2,29 €","300ml (1 l = 7,63 €)",https://img.rewe-static.de/8897592/38461533_digital-image.png?imwidth=304&impolicy=kues,sossen
Hela Gewürzketchup Curry Delikat 300ml,"2,29 €","300ml (1 l = 7,63 €)",https://img.rewe-static.de/9102670/42139794_digital-image.png?imwidth=304&impolicy=kues,sossen
ja! Tomaten-Ketchup 500ml,"1,29 €","500ml (1 l = 2,58 €)",https://img.rewe-static.de/7291190/28296386_digital-image.png?imwidth=304&impolicy=kues,sossen
ja! Tomatenketchup mit Zucker & Süßungsmittel 500ml,"1,79 €","500ml (1 l = 3,58 €)",https://img.rewe-static.de/0897016/24881485_digital-image.png?imwidth=304&impolicy=kues,sossen
Krüger Chai Latte Schoko Sweet India 10 Beutel 250g,"2,99 €","250g (1 kg = 11,96 €)",https://img.rewe-static.de/0890484/7740080_digital-image.png?imwidth=304&impolicy=kues,tee
"Meßmer Erdbeere Orange 45g, 20 Beutel","2,35 €","45g (1 kg = 52,22 €)",https://img.rewe-static.de/7676469/40130258_digital-image.png?imwidth=304&impolicy=kues,tee
"Meßmer Gute Nacht Melatonin Lavendel-Kamille 32g, 16 Beutel","2,49 €","32g (1 kg = 77,81 €)",https://img.rewe-static.de/8984312/41744183_digital-image.png?imwidth=304&impolicy=kues,tee
"Meßmer Sprung ins Zauberland Erdbeere-Minze 40,5g, 18 Beutel","2,39 €","40,50g (1 kg = 59,01 €)",https://img.rewe-static.de/8771483/40708073_digital-image.png?imwidth=304&impolicy=kues,tee
"Meßmer Blaubeere 45g, 20 Beutel","2,35 €","45g (1 kg = 52,22 €)",https://img.rewe-static.de/8944256/42904350_digital-image.png?imwidth=304&impolicy=kues,tee
"Meßmer Detox your feelings 40g, 20 Beutel","2,69 €","40g (1 kg = 67,25 €)",https://img.rewe-static.de/7647047/41744181_digital-image.png?imwidth=304&impolicy=kues,tee
"Meßmer Kräutertee Halswärmer 32g, 16 Beutel","2,49 €","32g (1 kg = 77,81 €)",https://img.rewe-static.de/8987841/43405587_digital-image.png?imwidth=304&impolicy=kues,tee
"Meßmer Milde Hagebutten-Mischung 75g, 25 Beutel","2,35 €","75g (1 kg = 31,33 €)",https://img.rewe-static.de/6818277/16001230_digital-image.png?imwidth=304&impolicy=kues,tee
"Meßmer Aprikose-Pfirsich 55g, 20 Beutel","2,35 €","55g (1 kg = 42,73 €)",https://img.rewe-static.de/7036731/28273183_digital-image.png?imwidth=304&impolicy=kues,tee
"Teekanne Süßer Bratapfel 50g, 20 Beutel","2,49 €","50g (1 kg = 49,80 €)",https://img.rewe-static.de/2803646/25609886_digital-image.png?imwidth=304&impolicy=kues,tee
Hampstead Bio Demeter Earl Grey Tea 40g,"3,99 €","40g (1 kg = 99,75 €)",https://img.rewe-static.de/7819845/43527154_digital-image.png?imwidth=304&impolicy=kues,tee
Hampstead Bio Demeter Pure Green Tea 20 Beutel 40g,"3,99 €","40g (1 kg = 99,75 €)",https://img.rewe-static.de/8600367/38811039_digital-image.png?imwidth=304&impolicy=kues,tee
David Rio Elephant Vanilla Chai 398g,"12,99 €","398g (1 kg = 32,64 €)",https://img.rewe-static.de/2704936/39766457_digital-image.png?imwidth=304&impolicy=kues,tee
Giest & Co. Früchtetee Waldspaziergang 100g,"5,99 €","100g (1 kg = 59,90 €)",https://img.rewe-static.de/8508075/43644733_digital-image.png?imwidth=304&impolicy=kues,tee
Bad Heilbrunner Arzneitee Nieren- und Blasentee 8 Stück,"1,29 €",8 Stück,https://img.rewe-static.de/8639834/34125957_digital-image.png?imwidth=304&impolicy=kues,tee
"Teekanne Prinzessin Lillifee 55g, 20 Beutel","2,49 €","55g (1 kg = 45,27 €)",https://img.rewe-static.de/1298928/21844573_digital-image.png?imwidth=304&impolicy=kues,tee
ja! Zitronentee löslich 400g,"1,99 €","400g (1 kg = 4,98 €)",https://img.rewe-static.de/0713079/26680375_digital-image.png?imwidth=304&impolicy=kues,tee
"ja! Waldbeere Tee 62,5g, 25 Beutel","1,39 €","62,50g (1 kg = 22,24 €)",https://img.rewe-static.de/8605199/33722058_digital-image.png?imwidth=304&impolicy=kues,tee
"ja! Kamillentee 37,5g, 25 Beutel","0,89 €","37,50g (1 kg = 23,73 €)",https://img.rewe-static.de/0546026/2972440_digital-image.png?imwidth=304&impolicy=kues,tee
"ja! Türkischer Apfel Tee 62,5g 25 Beutel","1,69 €","62,50g (1 kg = 27,04 €)",https://img.rewe-static.de/8972047/40683563_digital-image.png?imwidth=304&impolicy=kues,tee
"ja! Earl Grey Tee 70g, 40 Beutel","0,99 €","70g (1 kg = 14,14 €)",https://img.rewe-static.de/2725612/25564060_digital-image.png?imwidth=304&impolicy=kues,tee
"ja! Fenchel Anis Kümmel Tee 50g, 25 Beutel","1,19 €","50g (1 kg = 23,80 €)",https://img.rewe-static.de/8606032/33722066_digital-image.png?imwidth=304&impolicy=kues,tee
ja! Teegetränk Waldfrucht 400g,"1,99 €","400g (1 kg = 4,98 €)",https://img.rewe-static.de/8884938/38111125_digital-image.png?imwidth=304&impolicy=kues,tee
ja! Teegetränk Pfirsich 400g,"1,99 €","400g (1 kg = 4,98 €)",https://img.rewe-static.de/8881363/38111090_digital-image.png?imwidth=304&impolicy=kues,tee
"ja! Pfefferminztee 56g, 25 Beutel","0,89 €","56,25g (1 kg = 15,82 €)",https://img.rewe-static.de/0546040/3871060_digital-image.png?imwidth=304&impolicy=kues,tee
"ja! Ceylon Indien 87,5g, 50 Beutel","0,99 €","87,50g (1 kg = 11,31 €)",https://img.rewe-static.de/8533461/33094616_digital-image.png?imwidth=304&impolicy=kues,tee
"Coca-Cola Zero Sugar 12x0,5l","15,48 €","12x0,50l (1 l = 2,58 €)
zzgl. 3,00€ Pfand",https://img.rewe-static.de/2833770/25365898_digital-image.png?imwidth=304&impolicy=kues,cola
"Coca-Cola 12x0,5l","15,48 €","12x0,50l (1 l = 2,58 €)
zzgl. 3,00€ Pfand",https://img.rewe-static.de/2833588/25366075_digital-image.png?imwidth=304&impolicy=kues,cola
Coca-Cola 12x1l,"15,99 €","12x1l (1 l = 1,33 €)
zzgl. 3,30€ Pfand",https://img.rewe-static.de/8002614/943560_digital-image.png?imwidth=304&impolicy=kues,cola
"Coca-Cola light 12x0,5l","15,48 €","12x0,50l (1 l = 2,58 €)
zzgl. 3,00€ Pfand",https://img.rewe-static.de/2833777/25365901_digital-image.png?imwidth=304&impolicy=kues,cola
"Coca-Cola Cherry 0,33l","0,99 €","0,33l (1 l = 3 €)
zzgl. 0,25€ Pfand",https://img.rewe-static.de/0038624/35289088_digital-image.png?imwidth=304&impolicy=kues,cola
"Coca-Cola Zero Sugar 0,33l","0,99 €","0,33l (1 l = 3 €)
zzgl. 0,25€ Pfand",https://img.rewe-static.de/0045656/20711572_digital-image.png?imwidth=304&impolicy=kues,cola
Coca-Cola Zero Sugar 12x1l,"15,99 €","12x1l (1 l = 1,33 €)
zzgl. 3,30€ Pfand",https://img.rewe-static.de/0045620/2008010_digital-image.png?imwidth=304&impolicy=kues,cola
"Coca-Cola 0,33l","0,99 €","0,33l (1 l = 3 €)
zzgl. 0,25€ Pfand",https://img.rewe-static.de/6359221/887830_digital-image.png?imwidth=304&impolicy=kues,cola
Coca-Cola Zero Sugar 6x2l,"13,14 €","6x2l (1 l = 1,10 €)
zzgl. 1,50€ Pfand",https://img.rewe-static.de/0049838/21202362_digital-image.png?imwidth=304&impolicy=kues,cola
"Coca-Cola 4x1,5l",,"4x1,50l (1 l = 0,79 €)
zzgl. 1,00€ Pfand",https://img.rewe-static.de/6731201/2325040_digital-image.png?imwidth=304&impolicy=kues,cola
"Coca-Cola 6x0,33l","4,29 €","6x0,33l (1 l = 2,17 €)
zzgl. 1,50€ Pfand",https://img.rewe-static.de/0436772/22381388_digital-image.png?imwidth=304&impolicy=kues,cola
"Coca-Cola 1,5l",,"1,50l (1 l = 0,79 €)
zzgl. 0,25€ Pfand",https://img.rewe-static.de/6730574/25631786_digital-image.png?imwidth=304&impolicy=kues,cola
"Coca-Cola 0,85l","1,39 €","0,85l (1 l = 1,64 €)
zzgl. 0,25€ Pfand",https://img.rewe-static.de/9875133/49724505_digital-image.png?imwidth=304&impolicy=kues,cola
Coca-Cola 2l,"2,19 €","2l (1 l = 1,10 €)
zzgl. 0,25€ Pfand",https://img.rewe-static.de/6729673/5904320_digital-image.png?imwidth=304&impolicy=kues,cola
"Coca-Cola 0,33l","0,72 €","0,33l (1 l = 2,18 €)
zzgl. 0,25€ Pfand",https://img.rewe-static.de/0436785/22569103_digital-image.png?imwidth=304&impolicy=kues,cola
"Coca-Cola Zero Sugar 4x1,5l",,"4x1,50l (1 l = 0,79 €)
zzgl. 1,00€ Pfand",https://img.rewe-static.de/0054164/26127982_digital-image.png?imwidth=304&impolicy=kues,cola
"Coca-Cola Zero 6x0,33l","4,29 €","6x0,33l (1 l = 2,17 €)
zzgl. 1,50€ Pfand",https://img.rewe-static.de/2503623/24851090_digital-image.png?imwidth=304&impolicy=kues,cola
Coca-Cola 1l,"1,39 €","1l
zzgl. 0,15€ Pfand",https://img.rewe-static.de/8002630/6079040_digital-image.png?imwidth=304&impolicy=kues,cola
"Coca-Cola Zero 0,33l","0,72 €","0,33l (1 l = 2,18 €)
zzgl. 0,25€ Pfand",https://img.rewe-static.de/2500225/25887235_digital-image.png?imwidth=304&impolicy=kues,cola
"Coca-Cola 0,5l","1,29 €","0,50l (1 l = 2,58 €)
zzgl. 0,25€ Pfand",https://img.rewe-static.de/0734457/24847371_digital-image.png?imwidth=304&impolicy=kues,cola
Coca-Cola 1l,"1,79 €","1l
zzgl. 0,15€ Pfand",https://img.rewe-static.de/8214102/30826451_digital-image.png?imwidth=304&impolicy=kues,cola
"Coca-Cola Zero Sugar 1,5l",,"1,50l (1 l = 0,79 €)
zzgl. 0,25€ Pfand",https://img.rewe-static.de/0054163/26127985_digital-image.png?imwidth=304&impolicy=kues,cola
"Coca-Cola Zero koffeinfrei 4x1,5l",,"4x1,50l (1 l = 0,79 €)
zzgl. 1,00€ Pfand",https://img.rewe-static.de/2158871/25563499_digital-image.png?imwidth=304&impolicy=kues,cola
"Coca-Cola Zero Sugar 0,85l","1,39 €","0,85l (1 l = 1,64 €)
zzgl. 0,25€ Pfand",https://img.rewe-static.de/9891393/49724585_digital-image.png?imwidth=304&impolicy=kues,cola
"Coca-Cola light taste 4x1,5l",,"4x1,50l (1 l = 0,79 €)
zzgl. 1,00€ Pfand",https://img.rewe-static.de/6731155/2524110_digital-image.png?imwidth=304&impolicy=kues,cola
"Coca-Cola Zero koffeinfrei 1,5l",,"1,50l (1 l = 0,79 €)
zzgl. 0,25€ Pfand",https://img.rewe-static.de/1488518/27561906_digital-image.png?imwidth=304&impolicy=kues,cola
"Coca-Cola light taste 1,5l",,"1,50l (1 l = 0,79 €)
zzgl. 0,25€ Pfand",https://img.rewe-static.de/6730566/7484200_digital-image.png?imwidth=304&impolicy=kues,cola
Coca-Cola Zero Sugar 2l,"2,19 €","2l (1 l = 1,10 €)
zzgl. 0,25€ Pfand",https://img.rewe-static.de/0049831/25956564_digital-image.png?imwidth=304&impolicy=kues,cola
"Coca-Cola Cherry ohne Zucker 1,5l",,"1,50l (1 l = 0,79 €)
zzgl. 0,25€ Pfand",https://img.rewe-static.de/8270580/31573348_digital-image.png?imwidth=304&impolicy=kues,cola
"Coca-Cola Vanilla ohne Zucker 4x1,5l",,"4x1,50l (1 l = 0,79 €)
zzgl. 1,00€ Pfand",https://img.rewe-static.de/8105975/30156857_digital-image.png?imwidth=304&impolicy=kues,cola
"Coca-Cola Cherry ohne Zucker 4x1,5l",,"4x1,50l (1 l = 0,79 €)
zzgl. 1,00€ Pfand",https://img.rewe-static.de/8259881/32343780_digital-image.png?imwidth=304&impolicy=kues,cola
Coca-Cola Cherry 1l,"1,39 €","1l
zzgl. 0,15€ Pfand",https://img.rewe-static.de/7007329/904570_digital-image.png?imwidth=304&impolicy=kues,cola
"Coca-Cola Zero Sugar 4x0,5l","5,16 €","4x0,50l (1 l = 2,58 €)
zzgl. 1,00€ Pfand",https://img.rewe-static.de/2797367/26010196_digital-image.png?imwidth=304&impolicy=kues,cola
"Coca-Cola Vanilla Dose 0,33l","1,49 €","0,33l (1 l = 4,52 €)
zzgl. 0,25€ Pfand",https://img.rewe-static.de/1054674/30706469_digital-image.png?imwidth=304&impolicy=kues,cola
"Coca-Cola Cherry ohne Zucker 12x0,5l","15,48 €","12x0,50l (1 l = 2,58 €)
zzgl. 3,00€ Pfand",https://img.rewe-static.de/8105183/30278127_digital-image.png?imwidth=304&impolicy=kues,cola
"Coca-Cola Zero koffeinfrei 12x0,5l","15,48 €","12x0,50l (1 l = 2,58 €)
zzgl. 3,00€ Pfand",https://img.rewe-static.de/2956343/31502604_digital-image.png?imwidth=304&impolicy=kues,cola
"Coca-Cola Zero Lemon 12x0,5l","15,48 €","12x0,50l (1 l = 2,58 €)
zzgl. 3,00€ Pfand",https://img.rewe-static.de/8748592/39365856_digital-image.png?imwidth=304&impolicy=kues,cola
Coca-Cola Zero Sugar 1l,"1,39 €","1l
zzgl. 0,15€ Pfand",https://img.rewe-static.de/0045617/7444230_digital-image.png?imwidth=304&impolicy=kues,cola
"Coca-Cola Zero Sugar 0,5l","1,29 €","0,50l (1 l = 2,58 €)
zzgl. 0,25€ Pfand",https://img.rewe-static.de/0078429/24847135_digital-image.png?imwidth=304&impolicy=kues,cola
Coca-Cola Zero koffeinfrei 1l,"1,39 €","1l
zzgl. 0,15€ Pfand",https://img.rewe-static.de/1913214/21135214_digital-image.png?imwidth=304&impolicy=kues,cola
"Coca-Cola light taste 0,5l","1,29 €","0,50l (1 l = 2,58 €)
zzgl. 0,25€ Pfand",https://img.rewe-static.de/1361654/25137881_digital-image.png?imwidth=304&impolicy=kues,cola
"Coca-Cola Zero koffeinfrei 0,5l","1,29 €","0,50l (1 l = 2,58 €)
zzgl. 0,25€ Pfand",https://img.rewe-static.de/2749962/31502600_digital-image.png?imwidth=304&impolicy=kues,cola
"Coca-Cola Zero Lemon 0,5l","1,29 €","0,50l (1 l = 2,58 €)
zzgl. 0,25€ Pfand",https://img.rewe-static.de/8748084/36927908_digital-image.png?imwidth=304&impolicy=kues,cola
"Coca-Cola Cherry ohne Zucker 0,5l","1,29 €","0,50l (1 l = 2,58 €)
zzgl. 0,25€ Pfand",https://img.rewe-static.de/8260282/30322916_digital-image.png?imwidth=304&impolicy=kues,cola
Coca-Cola light taste 1l,"1,39 €","1l
zzgl. 0,15€ Pfand",https://img.rewe-static.de/8002673/6079070_digital-image.png?imwidth=304&impolicy=kues,cola
Coca-Cola Zero Lemon 1l,"1,39 €","1l
zzgl. 0,15€ Pfand",https://img.rewe-static.de/8741710/34885986_digital-image.png?imwidth=304&impolicy=kues,cola
Coca-Cola Zero Sugar 1l,"1,79 €","1l
zzgl. 0,15€ Pfand",https://img.rewe-static.de/8134809/30507448_digital-image.png?imwidth=304&impolicy=kues,cola
"Coca Cola Vanilla Zero Sugar 1,5l",,"1,50l (1 l = 0,79 €)
zzgl. 0,25€ Pfand",https://img.rewe-static.de/8259774/30819947_digital-image.png?imwidth=304&impolicy=kues,cola
Coca-Cola light taste koffeinfrei 1l,"1,39 €","1l
zzgl. 0,15€ Pfand",https://img.rewe-static.de/8029180/7446830_digital-image.png?imwidth=304&impolicy=kues,cola
REWE Feine Welt Kartoffelchips mit Trüffelgeschmack 100g,"1,69 €","100g (1 kg = 16,90 €)",https://img.rewe-static.de/8000504/31147909_digital-image.png?imwidth=304&impolicy=search,https://shop.rewe.de/productList?objectsPerPage=80&search=kartoffelchips
Lay's Bugles Paprika Style 75g,"1,99 €","75g (1 kg = 26,53 €)",https://img.rewe-static.de/7535980/42618384_digital-image.png?imwidth=304&impolicy=search,https://shop.rewe.de/productList?objectsPerPage=80&search=kartoffelchips
Lay's Bugles Nacho Cheese 75g,"1,99 €","75g (1 kg = 26,53 €)",https://img.rewe-static.de/7599089/42866157_digital-image.png?imwidth=304&impolicy=search,https://shop.rewe.de/productList?objectsPerPage=80&search=kartoffelchips
Lorenz Crunchips Paprika 150g,,"150g (1 kg = 7,40 €)",https://img.rewe-static.de/7741099/36873912_digital-image.png?imwidth=304&impolicy=search,https://shop.rewe.de/productList?objectsPerPage=80&search=kartoffelchips
Lay's Salt & Vinegar 150g,"1,99 €","150g (1 kg = 13,27 €)",https://img.rewe-static.de/7793872/36340239_digital-image.png?imwidth=304&impolicy=search,https://shop.rewe.de/productList?objectsPerPage=80&search=kartoffelchips
Funny-frisch Kessel Chips CrossCut Spicy BBQ Sauce 120g,"2,49 €","120g (1 kg = 20,75 €)",https://img.rewe-static.de/9117621/44143329_digital-image.png?imwidth=304&impolicy=search,https://shop.rewe.de/productList?objectsPerPage=80&search=kartoffelchips
Lorenz Naturals Meersalz & Pfeffer 95g,"2,19 €","95g (1 kg = 23,05 €)",https://img.rewe-static.de/7238546/27875814_digital-image.png?imwidth=304&impolicy=search,https://shop.rewe.de/productList?objectsPerPage=80&search=kartoffelchips
Lorenz Naturals Balsamico 95g,"2,19 €","95g (1 kg = 23,05 €)",https://img.rewe-static.de/7239472/27878134_digital-image.png?imwidth=304&impolicy=search,https://shop.rewe.de/productList?objectsPerPage=80&search=kartoffelchips
Lorenz Naturals Rosmarin 95g,"2,19 €","95g (1 kg = 23,05 €)",https://img.rewe-static.de/7237059/27877795_digital-image.png?imwidth=304&impolicy=search,https://shop.rewe.de/productList?objectsPerPage=80&search=kartoffelchips
Funny-frisch Pom-Bär Original 30g,"0,89 €","30g (1 kg = 29,67 €)",https://img.rewe-static.de/7700506/40870439_digital-image.png?imwidth=304&impolicy=search,https://shop.rewe.de/productList?objectsPerPage=80&search=kartoffelchips
Funny-frisch Pom-Bär Original 75g,"1,79 €","75g (1 kg = 23,87 €)",https://img.rewe-static.de/8904051/39416847_digital-image.png?imwidth=304&impolicy=search,https://shop.rewe.de/productList?objectsPerPage=80&search=kartoffelchips
Takis Fuego Extreme 100g,"2,99 €","100g (1 kg = 29,90 €)",https://img.rewe-static.de/9019559/41571208_digital-image.png?imwidth=304&impolicy=search,https://shop.rewe.de/productList?objectsPerPage=80&search=kartoffelchips
Takis Volcano Hot Piquant 100g,"2,99 €","100g (1 kg = 29,90 €)",https://img.rewe-static.de/7626271/41571206_digital-image.png?imwidth=304&impolicy=search,https://shop.rewe.de/productList?objectsPerPage=80&search=kartoffelchips
Lay's Chips gesalzen 150g,"1,99 €","150g (1 kg = 13,27 €)",https://img.rewe-static.de/7795569/35855163_digital-image.png?imwidth=304&impolicy=search,https://shop.rewe.de/productList?objectsPerPage=80&search=kartoffelchips
Pringles Original Chips 165g,"2,49 €","165g (1 kg = 15,09 €)",https://img.rewe-static.de/3552433/42724306_digital-image.png?imwidth=304&impolicy=search,https://shop.rewe.de/productList?objectsPerPage=80&search=kartoffelchips
Pringles Sour Cream & Onion Chips 165g,"2,49 €","165g (1 kg = 15,09 €)",https://img.rewe-static.de/3552434/42866554_digital-image.png?imwidth=304&impolicy=search,https://shop.rewe.de/productList?objectsPerPage=80&search=kartoffelchips
Pringles Hot & Spicy Chips 165g,"2,49 €","165g (1 kg = 15,09 €)",https://img.rewe-static.de/3552437/42866552_digital-image.png?imwidth=304&impolicy=search,https://shop.rewe.de/productList?objectsPerPage=80&search=kartoffelchips
Lorenz Crunchips Sour Cream 150g,,"150g (1 kg = 7,40 €)",https://img.rewe-static.de/8944068/40163672_digital-image.png?imwidth=304&impolicy=search,https://shop.rewe.de/productList?objectsPerPage=80&search=kartoffelchips
REWE Beste Wahl Kesselchips Salt & Vinegar 150g,"1,49 €","150g (1 kg = 9,93 €)",https://img.rewe-static.de/8733873/36260880_digital-image.png?imwidth=304&impolicy=search,https://shop.rewe.de/productList?objectsPerPage=80&search=kartoffelchips
Pringles Classic Paprika Chips 165g,"2,49 €","165g (1 kg = 15,09 €)",https://img.rewe-static.de/9069948/42866547_digital-image.png?imwidth=304&impolicy=search,https://shop.rewe.de/productList?objectsPerPage=80&search=kartoffelchips
Lay's Chips Red Paprika 150g,"1,99 €","150g (1 kg = 13,27 €)",https://img.rewe-static.de/8940323/39374800_digital-image.png?imwidth=304&impolicy=search,https://shop.rewe.de/productList?objectsPerPage=80&search=kartoffelchips
Lay's Kräuterbutter 150g,"1,99 €","150g (1 kg = 13,27 €)",https://img.rewe-static.de/7794997/36537068_digital-image.png?imwidth=304&impolicy=search,https://shop.rewe.de/productList?objectsPerPage=80&search=kartoffelchips
Funny-frisch Pom-Bär Ketchup Style 75g,"1,79 €","75g (1 kg = 23,87 €)",https://img.rewe-static.de/7700363/39641275_digital-image.png?imwidth=304&impolicy=search,https://shop.rewe.de/productList?objectsPerPage=80&search=kartoffelchips
Funny-frisch Chipsfrisch ungarisch 150g,"1,99 €","150g (1 kg = 13,27 €)",https://img.rewe-static.de/9988845/44520791_digital-image.png?imwidth=304&impolicy=search,https://shop.rewe.de/productList?objectsPerPage=80&search=kartoffelchips
Funny-frisch Riffels Naturell 150g,"2,49 €","150g (1 kg = 16,60 €)",https://img.rewe-static.de/0137529/5498080_digital-image.png?imwidth=304&impolicy=search,https://shop.rewe.de/productList?objectsPerPage=80&search=kartoffelchips
Funny-frisch Chipsfrisch Oriental 150g,"1,99 €","150g (1 kg = 13,27 €)",https://img.rewe-static.de/7752166/37008709_digital-image.png?imwidth=304&impolicy=search,https://shop.rewe.de/productList?objectsPerPage=80&search=kartoffelchips
Funny-frisch Chipsfrisch Gesalzen 150g,"1,99 €","150g (1 kg = 13,27 €)",https://img.rewe-static.de/8828704/37167624_digital-image.png?imwidth=304&impolicy=search,https://shop.rewe.de/productList?objectsPerPage=80&search=kartoffelchips
Funny-frisch Chipsfrisch Peperoni 150g,"1,99 €","150g (1 kg = 13,27 €)",https://img.rewe-static.de/8823163/37132408_digital-image.png?imwidth=304&impolicy=search,https://shop.rewe.de/productList?objectsPerPage=80&search=kartoffelchips
Funny-frisch Ofenchips Sour Cream 125g,"1,99 €","125g (1 kg = 15,92 €)",https://img.rewe-static.de/7776873/36482412_digital-image.png?imwidth=304&impolicy=search,https://shop.rewe.de/productList?objectsPerPage=80&search=kartoffelchips
Funny-frisch Chipsfrisch Chakalaka 150g,"1,99 €","150g (1 kg = 13,27 €)",https://img.rewe-static.de/7753088/37167768_digital-image.png?imwidth=304&impolicy=search,https://shop.rewe.de/productList?objectsPerPage=80&search=kartoffelchips
Funny-frisch Chipsfrisch Sour Cream 150g,"1,99 €","150g (1 kg = 13,27 €)",https://img.rewe-static.de/7752891/37167359_digital-image.png?imwidth=304&impolicy=search,https://shop.rewe.de/productList?objectsPerPage=80&search=kartoffelchips
Funny-frisch Kessel Chips Salt & Vinegar 120g,"2,49 €","120g (1 kg = 20,75 €)",https://img.rewe-static.de/1326613/17845520_digital-image.png?imwidth=304&impolicy=search,https://shop.rewe.de/productList?objectsPerPage=80&search=kartoffelchips
REWE Beste Wahl Kesselchips Sweet Chili 150g,"1,49 €","150g (1 kg = 9,93 €)",https://img.rewe-static.de/7705305/39251943_digital-image.png?imwidth=304&impolicy=search,https://shop.rewe.de/productList?objectsPerPage=80&search=kartoffelchips
Pom-Bär Crizzlies Paprika 150g,"2,79 €","150g (1 kg = 18,60 €)",https://img.rewe-static.de/7672724/40815543_digital-image.png?imwidth=304&impolicy=search,https://shop.rewe.de/productList?objectsPerPage=80&search=kartoffelchips
REWE Beste Wahl Unsere Krossen Bruschetta Geschmack 150g,"1,49 €","150g (1 kg = 9,93 €)",https://img.rewe-static.de/7841380/35163939_digital-image.png?imwidth=304&impolicy=search,https://shop.rewe.de/productList?objectsPerPage=80&search=kartoffelchips
Funny-Frisch Pom-Bär Original 120g,"2,69 €","120g (1 kg = 22,42 €)",https://img.rewe-static.de/8906534/40803307_digital-image.png?imwidth=304&impolicy=search,https://shop.rewe.de/productList?objectsPerPage=80&search=kartoffelchips
Funny-frisch Chipsfrisch ungarisch 40g,"0,89 €","40g (1 kg = 22,25 €)",https://img.rewe-static.de/9989490/44411460_digital-image.png?imwidth=304&impolicy=search,https://shop.rewe.de/productList?objectsPerPage=80&search=kartoffelchips
Layenberger LowCarb.one High Protein Chips Paprika 75g,"2,99 €","75g (1 kg = 39,87 €)",https://img.rewe-static.de/8195915/30061469_digital-image.png?imwidth=304&impolicy=search,https://shop.rewe.de/productList?objectsPerPage=80&search=kartoffelchips
Lorenz Crunchips Cheese & Onion 150g,,"150g (1 kg = 7,40 €)",https://img.rewe-static.de/7741105/37356616_digital-image.png?imwidth=304&impolicy=search,https://shop.rewe.de/productList?objectsPerPage=80&search=kartoffelchips
Lorenz Crunchips Wow Paprika & Sour Cream 110g,,"110g (1 kg = 10,09 €)",https://img.rewe-static.de/8153886/28470927_digital-image.png?imwidth=304&impolicy=search,https://shop.rewe.de/productList?objectsPerPage=80&search=kartoffelchips
Schär Curvies Paprika glutenfrei 170g,"2,99 €","170g (1 kg = 17,59 €)",https://img.rewe-static.de/8355481/33234821_digital-image.png?imwidth=304&impolicy=search,https://shop.rewe.de/productList?objectsPerPage=80&search=kartoffelchips
Chio Chips Red Paprika 150g,"1,99 €","150g (1 kg = 13,27 €)",https://img.rewe-static.de/7705130/1741150_digital-image.png?imwidth=304&impolicy=search,https://shop.rewe.de/productList?objectsPerPage=80&search=kartoffelchips
Lorenz Crunchips Western Style 150g,,"150g (1 kg = 7,40 €)",https://img.rewe-static.de/7743945/37357027_digital-image.png?imwidth=304&impolicy=search,https://shop.rewe.de/productList?objectsPerPage=80&search=kartoffelchips
Funny-frisch Chipsfrisch ungarisch 215g,"2,79 €","215g (1 kg = 12,98 €)",https://img.rewe-static.de/9983182/44542303_digital-image.png?imwidth=304&impolicy=search,https://shop.rewe.de/productList?objectsPerPage=80&search=kartoffelchips
Funny-frisch Ofen Chips Paprika 125g,"1,99 €","125g (1 kg = 15,92 €)",https://img.rewe-static.de/7778468/36482196_digital-image.png?imwidth=304&impolicy=search,https://shop.rewe.de/productList?objectsPerPage=80&search=kartoffelchips
Pom-Bär Crizzlies Original 150g,"2,79 €","150g (1 kg = 18,60 €)",https://img.rewe-static.de/8950716/40815549_digital-image.png?imwidth=304&impolicy=search,https://shop.rewe.de/productList?objectsPerPage=80&search=kartoffelchips
ja! Paprika Chips 200g,"1,09 €","200g (1 kg = 5,45 €)",https://img.rewe-static.de/6953115/24324363_digital-image.png?imwidth=304&impolicy=search,https://shop.rewe.de/productList?objectsPerPage=80&search=kartoffelchips
ja! Salted Chips 200g,"1,09 €","200g (1 kg = 5,45 €)",https://img.rewe-static.de/8260720/29418537_digital-image.png?imwidth=304&impolicy=search,https://shop.rewe.de/productList?objectsPerPage=80&search=kartoffelchips
ja! Stapelchips Paprika 175g,"1,69 €","175g (1 kg = 9,66 €)",https://img.rewe-static.de/6475973/24321170_digital-image.png?imwidth=304&impolicy=search,https://shop.rewe.de/productList?objectsPerPage=80&search=kartoffelchips
ja! Stapelchips Sour Cream & Onion 175g,"1,69 €","175g (1 kg = 9,66 €)",https://img.rewe-static.de/1091822/30962028_digital-image.png?imwidth=304&impolicy=search,https://shop.rewe.de/productList?objectsPerPage=80&search=kartoffelchips
ja! Original Stapelchips 175g,"1,69 €","175g (1 kg = 9,66 €)",https://img.rewe-static.de/7627894/41711909_digital-image.png?imwidth=304&impolicy=search,https://shop.rewe.de/productList?objectsPerPage=80&search=kartoffelchips
Toppits Alufolie im Karton 10m,"2,35 €","10m (1 m = 0,24 €)",https://img.rewe-static.de/0172413/742260_digital-image.png?imwidth=304&impolicy=search,https://shop.rewe.de/productList?search=alufolie
ja! Alufolie 50m,"2,92 €","50m (1 m = 0,06 €)",https://img.rewe-static.de/2105247/26753859_digital-image.png?imwidth=304&impolicy=search,https://shop.rewe.de/productList?search=alufolie
REWE Beste Wahl Deluxe-Toilettenpapier 5-lagig 6x129 Blatt,"3,79 €",,https://img.rewe-static.de/1387339/23849552_digital-image.png?imwidth=304&impolicy=kues,toilettenpapier
Zewa Ultra Soft Toilettenpapier 4-lagig 8x150 Blatt,"4,89 €",8x150 Stück,https://img.rewe-static.de/7857477/34127036_digital-image.png?imwidth=304&impolicy=kues,toilettenpapier
Hakle Klassisch Weiß Toilettenpapier 3-lagig 8x150 Blatt,"3,79 €",,https://img.rewe-static.de/1214080/1149440_digital-image.png?imwidth=304&impolicy=kues,toilettenpapier
Danke Toilettenpapier 3-lagig 8x150 Blatt,"3,69 €",8x150 Stück,https://img.rewe-static.de/9004340/39280567_digital-image.png?imwidth=304&impolicy=kues,toilettenpapier
REWE Beste Wahl Limited Edition Toilettenpapier 8x180 Blatt,"2,99 €",8x180 Stück,https://img.rewe-static.de/8937482/40315214_digital-image.png?imwidth=304&impolicy=kues,toilettenpapier
natürlich ECO Recycling Toilettenpapier 4-lagig 8x160Blatt,"3,79 €",8x160 Stück,https://img.rewe-static.de/7832969/37337192_digital-image.png?imwidth=304&impolicy=kues,toilettenpapier
Hakle Traumweich Toilettenpapier 4-lagig 8x130 Blatt,"3,99 €",8x130 Stück,https://img.rewe-static.de/2710021/907560_digital-image.png?imwidth=304&impolicy=kues,toilettenpapier
Zewa bewährt Toilettenpapier 3-lagig 8x150 Blatt,"3,99 €",8x150 Stück,https://img.rewe-static.de/7849649/36469207_digital-image.png?imwidth=304&impolicy=kues,toilettenpapier
Zewa Premium Toilettenpapier 5-lagig 6x110 Blatt,"4,49 €",6x110 Stück,https://img.rewe-static.de/8921145/39280097_digital-image.png?imwidth=304&impolicy=kues,toilettenpapier
Zewa Smart Toilettenpapier ohne Hülse 4x300 Blatt,"3,99 €",4x300 Stück,https://img.rewe-static.de/7218314/27716491_digital-image.png?imwidth=304&impolicy=kues,toilettenpapier
natürlich ECO Recycling Toilettenpapier 3-lagig 6x250 Blatt,"2,99 €",6x250 Stück,https://img.rewe-static.de/8846761/38961136_digital-image.png?imwidth=304&impolicy=kues,toilettenpapier
Zewa Bewährt Toilettenpapier Kamille 3-lagig 8x150 Blatt,"3,99 €",8x150 Stück,https://img.rewe-static.de/8670253/36927962_digital-image.png?imwidth=304&impolicy=kues,toilettenpapier
Zewa Toilettenpapier Ultra Soft 4-lagig 8x150 Blatt,"4,89 €",8x150 Stück,https://img.rewe-static.de/8658097/35448391_digital-image.png?imwidth=304&impolicy=kues,toilettenpapier
Hakle Sanft & Sicher Toilettenpapier 4-lagig 8x130 Blatt,"3,99 €",,https://img.rewe-static.de/3793281/23245864_digital-image.png?imwidth=304&impolicy=kues,toilettenpapier
Zewa Ultra Senses Toilettenpapier Mandelblüte 4-lagig 8x135 Blatt,"4,89 €",8x135 Stück,https://img.rewe-static.de/8783423/36543825_digital-image.png?imwidth=304&impolicy=kues,toilettenpapier
Regina Kamillenpapier 3-lagig 8x150 Blatt,"3,99 €",8x150 Stück,https://img.rewe-static.de/5569672/1369860_digital-image.png?imwidth=304&impolicy=kues,toilettenpapier
Hakle Traumweich Lady 4-lagig 2x130 Blatt,"1,79 €",2x130 Stück,https://img.rewe-static.de/7703868/39362799_digital-image.png?imwidth=304&impolicy=kues,toilettenpapier
ja! Komfort Toilettenpapier 3-lagig 10x220 Blatt,"4,15 €",10x220 Stück,https://img.rewe-static.de/7642029/42679345_digital-image.png?imwidth=304&impolicy=kues,toilettenpapier
ja! Komfort Toilettenpapier 3-lagig 4x220 Blatt,"1,99 €",4x220 Stück,https://img.rewe-static.de/7644785/43242684_digital-image.png?imwidth=304&impolicy=kues,toilettenpapier
ja! Toilettenpapier 3-lagig 20x220 Blatt,"7,55 €",20x220 Stück,https://img.rewe-static.de/9102651/45584211_digital-image.png?imwidth=304&impolicy=kues,toilettenpapier
ja! Super-Soft Toilettenpapier 4-lagig 10x200 Blatt,"5,15 €",10x200 Stück,https://img.rewe-static.de/8994273/42679328_digital-image.png?imwidth=304&impolicy=kues,toilettenpapier
ja! Super-Soft Toilettenpapier 4-lagig 4x200 Blatt,"2,49 €",4x200 Stück,https://img.rewe-static.de/7642004/43153055_digital-image.png?imwidth=304&impolicy=kues,toilettenpapier
ja! Recycling Toilettenpapier 3 lagig 8x220 Blatt,"2,69 €",8x220 Stück,https://img.rewe-static.de/9039033/42615739_digital-image.png?imwidth=304&impolicy=kues,toilettenpapier
"Persil Vollwaschmittel Universal Kraft-Gel 900ml, 20WL","6,35 €","900ml (1 l = 7,06 €)",https://img.rewe-static.de/8914463/39280053_digital-image.png?imwidth=304&impolicy=search,https://shop.rewe.de/productList?objectsPerPage=80&search=waschmittel
"Spee Colorwaschmittel Power Caps 216g, 18WL","4,49 €","216g (1 kg = 20,79 €)",https://img.rewe-static.de/8904688/38802581_digital-image.png?imwidth=304&impolicy=search,https://shop.rewe.de/productList?objectsPerPage=80&search=waschmittel
"Spee Vollwaschmittel Aktiv-Gel 990ml, 22WL","4,49 €","990ml (1 l = 4,54 €)",https://img.rewe-static.de/8907195/38626507_digital-image.png?imwidth=304&impolicy=search,https://shop.rewe.de/productList?objectsPerPage=80&search=waschmittel
"REWE Beste Wahl Hygienespüler 1,5l 18WL","1,45 €","1500ml (1 l = 0,97 €)",https://img.rewe-static.de/8089929/29734733_digital-image.png?imwidth=304&impolicy=search,https://shop.rewe.de/productList?objectsPerPage=80&search=waschmittel
Spee Vollwaschmittel Flüssig Frische-Kick 990ml 22WL,"4,49 €","990ml (1 l = 4,54 €)",https://img.rewe-static.de/9049616/42558775_digital-image.png?imwidth=304&impolicy=search,https://shop.rewe.de/productList?objectsPerPage=80&search=waschmittel
"Perwoll Feinwaschmittel Flüssig Renew Wolle & Feines 1,35l, 27WL","6,75 €","1,35l (1 l = 5 €)",https://img.rewe-static.de/7605569/42394644_digital-image.png?imwidth=304&impolicy=search,https://shop.rewe.de/productList?objectsPerPage=80&search=waschmittel
"Persil Universalwaschmittel 4in1 Discs 272g, 16WL","6,35 €","272g (1 kg = 23,35 €)",https://img.rewe-static.de/9004421/41239390_digital-image.png?imwidth=304&impolicy=search,https://shop.rewe.de/productList?objectsPerPage=80&search=waschmittel
Ariel Colorwaschmittel Flüssig 900ml 20WL,,"900ml (1 l = 5,54 €)",https://img.rewe-static.de/8158740/47933673_digital-image.png?imwidth=304&impolicy=search,https://shop.rewe.de/productList?objectsPerPage=80&search=waschmittel
"Spee Colorwaschmittel Color Gel 990ml, 22WL","4,49 €","990ml (1 l = 4,54 €)",https://img.rewe-static.de/8905698/38626505_digital-image.png?imwidth=304&impolicy=search,https://shop.rewe.de/productList?objectsPerPage=80&search=waschmittel
"Persil Colorwaschmittel Color Kraft-Gel 900ml, 20WL","6,35 €","900ml (1 l = 7,06 €)",https://img.rewe-static.de/8986220/41365493_digital-image.png?imwidth=304&impolicy=search,https://shop.rewe.de/productList?objectsPerPage=80&search=waschmittel
"Perwoll Black Waschmittel Flüssig Renew 1,35l, 27WL","6,75 €","1,35l (1 l = 5 €)",https://img.rewe-static.de/7603087/42394700_digital-image.png?imwidth=304&impolicy=search,https://shop.rewe.de/productList?objectsPerPage=80&search=waschmittel
"Perwoll Colorwaschmittel Flüssig Renew 1,35l 27WL","6,75 €","1,35l (1 l = 5 €)",https://img.rewe-static.de/9057079/42558736_digital-image.png?imwidth=304&impolicy=search,https://shop.rewe.de/productList?objectsPerPage=80&search=waschmittel
Lenor Colorwaschmittel Flüssig Blütentraum 900ml 20WL,"5,49 €","900ml (1 l = 6,10 €)",https://img.rewe-static.de/8158470/47982147_digital-image.png?imwidth=304&impolicy=search,https://shop.rewe.de/productList?objectsPerPage=80&search=waschmittel
"Persil Colorwaschmittel 4in1-Discs 272g, 16WL","6,35 €","272g (1 kg = 23,35 €)",https://img.rewe-static.de/8989911/42389506_digital-image.png?imwidth=304&impolicy=search,https://shop.rewe.de/productList?objectsPerPage=80&search=waschmittel
"Ariel Colorwaschmittel All-in-1 Pods 298,5g 15WL",,"298,50g (1 kg = 16,72 €)",https://img.rewe-static.de/9894544/47933862_digital-image.png?imwidth=304&impolicy=search,https://shop.rewe.de/productList?objectsPerPage=80&search=waschmittel
Lenor Colorwaschmittel All-in-1 Pods Blütentraum 294g 15WL,"5,49 €","294g (1 kg = 18,67 €)",https://img.rewe-static.de/8170582/48614149_digital-image.png?imwidth=304&impolicy=search,https://shop.rewe.de/productList?objectsPerPage=80&search=waschmittel
"Persil Vollwaschmittel Megaperls 1,04kg, 16WL","6,35 €","1,04kg (1 kg = 6,11 €)",https://img.rewe-static.de/8993618/41239586_digital-image.png?imwidth=304&impolicy=search,https://shop.rewe.de/productList?objectsPerPage=80&search=waschmittel
"Persil Colorwaschmittel Megaperls 1,04kg, 16WL","6,35 €","1,04kg (1 kg = 6,11 €)",https://img.rewe-static.de/7639512/41239569_digital-image.png?imwidth=304&impolicy=search,https://shop.rewe.de/productList?objectsPerPage=80&search=waschmittel
Ariel Colorwaschmittel Pulver Color+ 990g 18WL,,"990g (1 kg = 5,04 €)",https://img.rewe-static.de/9899991/48614188_digital-image.png?imwidth=304&impolicy=search,https://shop.rewe.de/productList?objectsPerPage=80&search=waschmittel
"Frosch Sensitiv-Waschmittel Flüssig Aloe Vera 1,44l 24WL","4,99 €","1,44l (1 l = 3,47 €)",https://img.rewe-static.de/7588221/43547568_digital-image.png?imwidth=304&impolicy=search,https://shop.rewe.de/productList?objectsPerPage=80&search=waschmittel
Ariel Universalwaschmittel Flüssig 900ml 20WL,,"0,90l (1 l = 5,54 €)",https://img.rewe-static.de/8169208/48614434_digital-image.png?imwidth=304&impolicy=search,https://shop.rewe.de/productList?objectsPerPage=80&search=waschmittel
Lenor Universalwaschmittel Flüssig Aprilfrisch 900ml 20WL,"5,49 €","0,90l (1 l = 6,10 €)",https://img.rewe-static.de/9897091/48427571_digital-image.png?imwidth=304&impolicy=search,https://shop.rewe.de/productList?objectsPerPage=80&search=waschmittel
"Ariel Vollwaschmittel All-in-1 Pods Universal+ 316,5g 15WL",,"316,50g (1 kg = 15,77 €)",https://img.rewe-static.de/8159242/48614249_digital-image.png?imwidth=304&impolicy=search,https://shop.rewe.de/productList?objectsPerPage=80&search=waschmittel
Ariel Vollwaschmittel Pulver 990g 18WL,,"990g (1 kg = 5,04 €)",https://img.rewe-static.de/9901882/48009071_digital-image.png?imwidth=304&impolicy=search,https://shop.rewe.de/productList?objectsPerPage=80&search=waschmittel
"Spee Vollwaschmittel Megaperls 1,14kg, 19WL","4,49 €","1,14kg (1 kg = 3,94 €)",https://img.rewe-static.de/8983090/39280117_digital-image.png?imwidth=304&impolicy=search,https://shop.rewe.de/productList?objectsPerPage=80&search=waschmittel
"ja! Colorwaschmittel flüssig 1,1l 20WL","3,15 €","1,10l (1 l = 2,86 €)",https://img.rewe-static.de/8182885/28292536_digital-image.png?imwidth=304&impolicy=search,https://shop.rewe.de/productList?objectsPerPage=80&search=waschmittel
"ja! Vollwaschmittel 1,1l 20WL","3,15 €","1,10l (1 l = 2,86 €)",https://img.rewe-static.de/8152779/28292559_digital-image.png?imwidth=304&impolicy=search,https://shop.rewe.de/productList?objectsPerPage=80&search=waschmittel
"ja! Vollwaschmittel Super-Kompakt 2,02kg, 30WL","4,69 €","2025kg (1 kg = 2,32 €)",https://img.rewe-static.de/7176034/27269948_digital-image.png?imwidth=304&impolicy=search,https://shop.rewe.de/productList?objectsPerPage=80&search=waschmittel
REWE Beste Wahl Basmati Reis 500g,"2,49 €","4x125g (1 kg = 4,98 €)",https://img.rewe-static.de/8886901/38596158_digital-image.png?imwidth=304&impolicy=kues,reis
Ben's Original Original-Langkorn Reis im Beutel 10-Minuten 4x125g,"2,59 €","4x125g (1 kg = 5,18 €)",https://img.rewe-static.de/7390947/33380838_digital-image.png?imwidth=304&impolicy=kues,reis
REWE Beste Wahl Risotto-Reis 500g,"1,99 €","500g (1 kg = 3,98 €)",https://img.rewe-static.de/1421084/24233250_digital-image.png?imwidth=304&impolicy=kues,reis
REWE Bio Naturland Basmatireis 1kg,"3,79 €",1kg,https://img.rewe-static.de/8928743/40161859_digital-image.png?imwidth=304&impolicy=kues,reis
REWE Bio Jasminreis weiß 500g,"1,89 €","500g (1 kg = 3,78 €)",https://img.rewe-static.de/8714247/36263696_digital-image.png?imwidth=304&impolicy=kues,reis
Davert Echter Bio Basmati-Reis 500g,"3,99 €","500g (1 kg = 7,98 €)",https://img.rewe-static.de/8752591/14974480_digital-image.png?imwidth=304&impolicy=kues,reis
Miyako Sushi Reis 500g,"2,49 €","500g (1 kg = 4,98 €)",https://img.rewe-static.de/1248270/23962482_digital-image.png?imwidth=304&impolicy=kues,reis
Ben's Original Mexikanisch 220g,"2,29 €","220g (1 kg = 10,41 €)",https://img.rewe-static.de/7677175/39491885_digital-image.png?imwidth=304&impolicy=kues,reis
Ben's Original Express Basmati Reis 220g,"2,29 €","220g (1 kg = 10,41 €)",https://img.rewe-static.de/9024740/39416792_digital-image.png?imwidth=304&impolicy=kues,reis
Ben's Original Basmati-Reis 500g,"2,99 €","500g (1 kg = 5,98 €)",https://img.rewe-static.de/1111914/37960894_digital-image.png?imwidth=304&impolicy=kues,reis
Ben's Original Express Langkorn Reis 220g,"2,29 €","220g (1 kg = 10,41 €)",https://img.rewe-static.de/8938353/40366989_digital-image.png?imwidth=304&impolicy=kues,reis
Ben's Original Basmati & Jasminreis 220g,"2,29 €","220g (1 kg = 10,41 €)",https://img.rewe-static.de/7676917/39641231_digital-image.png?imwidth=304&impolicy=kues,reis
REWE Beste Wahl-Express Reis Mediterran 250g,"1,29 €","250g (1 kg = 5,16 €)",https://img.rewe-static.de/7191832/27683120_digital-image.png?imwidth=304&impolicy=kues,reis
REWE Beste Wahl Express Reis Djuvec 250g,"1,29 €","250g (1 kg = 5,16 €)",https://img.rewe-static.de/7707321/38733401_digital-image.png?imwidth=304&impolicy=kues,reis
Ben's Original Express Griechisch Djuvec Reis 220g,"2,29 €","220g (1 kg = 10,41 €)",https://img.rewe-static.de/7637100/39491883_digital-image.png?imwidth=304&impolicy=kues,reis
Ben's Original Express Mexikanisch scharf 220g,"2,29 €","220g (1 kg = 10,41 €)",https://img.rewe-static.de/8924638/39682595_digital-image.png?imwidth=304&impolicy=kues,reis
Müller's Mühle Basmati Reis 500g,"2,29 €","500g (1 kg = 4,58 €)",https://img.rewe-static.de/8983717/41174001_digital-image.png?imwidth=304&impolicy=kues,reis
Ben's Original Express Curryreis Indien 220g,"2,29 €","220g (1 kg = 10,41 €)",https://img.rewe-static.de/8920661/39641491_digital-image.png?imwidth=304&impolicy=kues,reis
Müller´s Mühle Langkorn Reis 500g,"1,99 €","500g (1 kg = 3,98 €)",https://img.rewe-static.de/7649723/43163816_digital-image.png?imwidth=304&impolicy=kues,reis
REWE Beste Wahl Express Reis Mexikanische Art 250g,"1,29 €","250g (1 kg = 5,16 €)",https://img.rewe-static.de/7715995/38335294_digital-image.png?imwidth=304&impolicy=kues,reis
Ben's Original Basmati-Reis im Beutel 1kg,"5,49 €",1000g,https://img.rewe-static.de/2266728/26835382_digital-image.png?imwidth=304&impolicy=kues,reis
Ben's Original Spitzen-Langkorn-Reis im Kochbeutel 1kg,"4,49 €",1000g,https://img.rewe-static.de/5771404/3927720_digital-image.png?imwidth=304&impolicy=kues,reis
Ben's Original Natur-Reis im Beutel 10 Minuten 4x125g,"2,59 €","4x125g (1 kg = 5,18 €)",https://img.rewe-static.de/5471214/1855970_digital-image.png?imwidth=304&impolicy=kues,reis
Oryza Natur-Reis 1kg,"2,99 €",1000g,https://img.rewe-static.de/5272319/3311040_digital-image.png?imwidth=304&impolicy=kues,reis
REWE Beste Wahl Basmati Reis im Kochbeutel 1kg,"4,49 €",1000g,https://img.rewe-static.de/7700649/39124520_digital-image.png?imwidth=304&impolicy=kues,reis
Reis-fit Spitzen-Langkornreis 4x125g,"1,99 €","4x125g (1 kg = 3,98 €)",https://img.rewe-static.de/0589683/1185970_digital-image.png?imwidth=304&impolicy=kues,reis
Wurzener Langkorn-Reis 4x125g,"1,79 €","4x125g (1 kg = 3,58 €)",https://img.rewe-static.de/9240853/2161440_digital-image.png?imwidth=304&impolicy=kues,reis
Reis-fit Basmati-Reis 4x125g,"2,99 €","4x125g (1 kg = 5,98 €)",https://img.rewe-static.de/0590649/7456320_digital-image.png?imwidth=304&impolicy=kues,reis
Wurzener Parboiled-Reis 4x125g,"2,05 €","4x125g (1 kg = 4,10 €)",https://img.rewe-static.de/2359367/3142030_digital-image.png?imwidth=304&impolicy=kues,reis
"Wurzener KuKo-Reis 4x62,5g","2,19 €","4x62,50g (1 kg = 8,76 €)",https://img.rewe-static.de/6757715/3715570_digital-image.png?imwidth=304&impolicy=kues,reis
Oryza Ideal-Reis 1kg,"2,99 €",1000g,https://img.rewe-static.de/5272297/6668720_digital-image.png?imwidth=304&impolicy=kues,reis
Reis-Fit Express Basmati-Reis 250g,"1,89 €","250g (1 kg = 7,56 €)",https://img.rewe-static.de/8379872/30355654_digital-image.png?imwidth=304&impolicy=kues,reis
Oryza Risotto- & Paella-Reis 1kg,"4,49 €",1000g,https://img.rewe-static.de/1471394/22002696_digital-image.png?imwidth=304&impolicy=kues,reis
Oryza Spitzen-Langkorn-Reis 500g,"1,69 €","500g (1 kg = 3,38 €)",https://img.rewe-static.de/5272220/22002986_digital-image.png?imwidth=304&impolicy=kues,reis
Neuss & Wilke Basmati-Reis 1kg,"3,99 €",1kg,https://img.rewe-static.de/3880036/22002552_digital-image.png?imwidth=304&impolicy=kues,reis
REWE Bio Expressreis Vollkorn & Wildreis 250g,"1,49 €","250g (1 kg = 5,96 €)",https://img.rewe-static.de/8998378/42309785_digital-image.png?imwidth=304&impolicy=kues,reis
Reis-Fit Express Mediterran-Reis 250g,"1,89 €","250g (1 kg = 7,56 €)",https://img.rewe-static.de/8787416/37632675_digital-image.png?imwidth=304&impolicy=kues,reis
REWE Bio Naturreis Spitzen-Langkorn 1kg,"2,59 €",1kg,https://img.rewe-static.de/8032052/31063840_digital-image.png?imwidth=304&impolicy=kues,reis
Oryza Basmati- & Wildreis 500g,"2,29 €","500g (1 kg = 4,58 €)",https://img.rewe-static.de/7300140/7463100_digital-image.png?imwidth=304&impolicy=kues,reis
Oryza Natur- & Wildreis 500g,"2,29 €","500g (1 kg = 4,58 €)",https://img.rewe-static.de/7300190/1329040_digital-image.png?imwidth=304&impolicy=kues,reis
REWE Bio Express Getreide & Linsen 250g,"1,49 €","250g (1 kg = 5,96 €)",https://img.rewe-static.de/7639176/42309024_digital-image.png?imwidth=304&impolicy=kues,reis
Wurzener Spitzen-Langkornreis im Kochbeutel 4x125g,"1,69 €","4x125g (1 kg = 3,38 €)",https://img.rewe-static.de/3892689/24046990_digital-image.png?imwidth=304&impolicy=kues,reis
Oryza Himalaya Basmati 1kg,"4,49 €",1000g,https://img.rewe-static.de/0483958/23174530_digital-image.png?imwidth=304&impolicy=kues,reis
Oryza Himalaya Basmati 500g,"2,29 €","500g (1 kg = 4,58 €)",https://img.rewe-static.de/2600315/1231150_digital-image.png?imwidth=304&impolicy=kues,reis
Cau Tre Reispapier rund 22cm 280g,"3,19 €","280g (1 kg = 11,39 €)",https://img.rewe-static.de/7856038/34078033_digital-image.png?imwidth=304&impolicy=kues,reis
REWE Bio Milchreis 500g,"1,59 €","500g (1 kg = 3,18 €)",https://img.rewe-static.de/7186200/28011466_digital-image.png?imwidth=304&impolicy=kues,reis
REWE Beste Wahl Langkorn Express Reis 250g,"1,29 €","250g (1 kg = 5,16 €)",https://img.rewe-static.de/8397907/30994912_digital-image.png?imwidth=304&impolicy=kues,reis
REWE Beste Wahl Oriental Express Reis 250g,"1,29 €","250g (1 kg = 5,16 €)",https://img.rewe-static.de/8041769/30389899_digital-image.png?imwidth=304&impolicy=kues,reis
Müller's Mühle Langkorn Reis im Beutel 4x125g,"1,99 €","4x125g (1 kg = 3,98 €)",https://img.rewe-static.de/8982226/41237024_digital-image.png?imwidth=304&impolicy=kues,reis
ja! Basmati Reis 1kg,"2,99 €",1000g,https://img.rewe-static.de/7087342/27710925_digital-image.png?imwidth=304&impolicy=kues,reis
ja! Jasmin Reis 1kg,"2,49 €",1000g,https://img.rewe-static.de/8350407/30349583_digital-image.png?imwidth=304&impolicy=kues,reis
ja! Parboiled Spitzenreis Langkornreis 1kg,"1,59 €",1000g,https://img.rewe-static.de/7227868/3877230_digital-image.png?imwidth=304&impolicy=kues,reis
ja! Langkorn-Spitzenreis im Kochbeutel 4x125g,"0,99 €","4x125g (1 kg = 1,98 €)",https://img.rewe-static.de/1062430/8447940_digital-image.png?imwidth=304&impolicy=kues,reis
ja! Milchreis 500g,"0,99 €","500g (1 kg = 1,98 €)",https://img.rewe-static.de/2107010/23116651_digital-image.png?imwidth=304&impolicy=kues,reis
Barilla Spaghetti glutenfrei 400g,"3,49 €","400g (1 kg = 8,73 €)",https://img.rewe-static.de/2167566/23715522_digital-image.png?imwidth=304&impolicy=kues,nudeln
Möwe Spaghetti 500g,"1,39 €","500g (1 kg = 2,78 €)",https://img.rewe-static.de/6557740/36476350_digital-image.png?imwidth=304&impolicy=kues,nudeln
Barilla Spaghettini Nr.3 500g,"1,99 €","500g (1 kg = 3,98 €)",https://img.rewe-static.de/1483005/20764382_digital-image.png?imwidth=304&impolicy=kues,nudeln
Barilla Spaghetti Nr.5 500g,"1,99 €","500g (1 kg = 3,98 €)",https://img.rewe-static.de/1483021/20428098_digital-image.png?imwidth=304&impolicy=kues,nudeln
"Mirácoli Spaghetti mit Tomatensauce 3 Portionen 376,2g","3,29 €","376,20g (1 kg = 8,75 €)",https://img.rewe-static.de/7660917/40453033_digital-image.png?imwidth=304&impolicy=kues,nudeln
Mirácoli Spaghetti für 5 Portionen 610g,"4,49 €","610,40g (1 kg = 7,36 €)",https://img.rewe-static.de/8978858/40469041_digital-image.png?imwidth=304&impolicy=kues,nudeln
Riesa Teigwaren Schlemmerliebling Spaghetti 500g,"1,39 €","500g (1 kg = 2,78 €)",https://img.rewe-static.de/0057622/2634320_digital-image.png?imwidth=304&impolicy=kues,nudeln
Just Taste Bio Edamame Spaghetti 250g,"3,19 €","250g (1 kg = 12,76 €)",https://img.rewe-static.de/8392813/30389556_digital-image.png?imwidth=304&impolicy=kues,nudeln
Alb-Gold Naturland Bio Spaghetti 500g,"1,59 €","500g (1 kg = 3,18 €)",https://img.rewe-static.de/9914002/48708512_digital-image.png?imwidth=304&impolicy=kues,nudeln
3 Glocken Genuss Pur Spaghetti 500g,,"500g (1 kg = 1,98 €)",https://img.rewe-static.de/8013454/6718540_digital-image.png?imwidth=304&impolicy=kues,nudeln
REWE Bio Naturland Spaghetti Vollkorn 500g,"0,85 €","500g (1 kg = 1,70 €)",https://img.rewe-static.de/8822896/37261414_digital-image.png?imwidth=304&impolicy=kues,nudeln
REWE frei von Spaghetti glutenfrei 500g,"1,59 €","500g (1 kg = 3,18 €)",https://img.rewe-static.de/1290472/17237900_digital-image.png?imwidth=304&impolicy=kues,nudeln
Slendier Spaghetti Style Bio Konjakwurzel vegan 250g,"2,99 €","250g (1 kg = 11,96 €)",https://img.rewe-static.de/2314734/23375255_digital-image.png?imwidth=304&impolicy=kues,nudeln
REWE Beste Wahl Spaghetti N°3 500g,"1,39 €","500g (1 kg = 2,78 €)",https://img.rewe-static.de/2632428/24971043_digital-image.png?imwidth=304&impolicy=kues,nudeln
De Cecco Bio Spaghetti Nr. 12 500g,"2,69 €","500g (1 kg = 5,38 €)",https://img.rewe-static.de/0473795/44009085_digital-image.png?imwidth=304&impolicy=kues,nudeln
ja! Spaghetti 500g,"0,79 €","500g (1 kg = 1,58 €)",https://img.rewe-static.de/0687999/37902543_digital-image.png?imwidth=304&impolicy=kues,nudeln
ja! Spaghetti mit Tomatensauce 400g,"1,59 €","400g (1 kg = 3,98 €)",https://img.rewe-static.de/2696946/25677556_digital-image.png?imwidth=304&impolicy=kues,nudeln
ja! Dinkel Spaghetti 500g,"1,29 €","500g (1 kg = 2,58 €)",https://img.rewe-static.de/8494755/32253971_digital-image.png?imwidth=304&impolicy=kues,nudeln
Landkost Ei Eier Bodenhaltung 10 Stück,"2,59 €",10 Stück,https://img.rewe-static.de/1995988/30378984_digital-image.png?imwidth=304&impolicy=kues,eier-ei-ersatz
Bio Eier frisch 10 Stück,"3,39 €",10 Stück,https://img.rewe-static.de/7902683/33206641_digital-image.png?imwidth=304&impolicy=kues,eier-ei-ersatz
Eier Freilandhaltung 6 Stück,"2,49 €",6 Stück,https://img.rewe-static.de/8446102/34418716_digital-image.png?imwidth=304&impolicy=kues,eier-ei-ersatz
REWE Beste Wahl Eier Freilandhaltung 4 Stück,"1,29 €",4 Stück,https://img.rewe-static.de/8407133/31099100_digital-image.png?imwidth=304&impolicy=kues,eier-ei-ersatz
REWE Bio Eier Spitz und Bube 6 Stück,"2,99 €",6 Stück,https://img.rewe-static.de/7078288/27539478_digital-image.png?imwidth=304&impolicy=kues,eier-ei-ersatz
Landkost-Ei BB-Ei Bio Eier 10 Stück,"3,99 €",10 Stück,https://img.rewe-static.de/8762428/36094940_digital-image.png?imwidth=304&impolicy=kues,eier-ei-ersatz
REWE Beste Wahl Respeggt Eier Freilandhaltung 10 Stück,"2,69 €",10 Stück,https://img.rewe-static.de/8470640/31525372_digital-image.png?imwidth=304&impolicy=kues,eier-ei-ersatz
REWE Beste Wahl Eier Freilandhaltung 6 Stück,"1,99 €",6 Stück,https://img.rewe-static.de/8209143/28333268_digital-image.png?imwidth=304&impolicy=kues,eier-ei-ersatz
REWE Beste Wahl Eier Bodenhaltung 6 Stück,"1,59 €",6 Stück,https://img.rewe-static.de/9142970/45170425_digital-image.png?imwidth=304&impolicy=kues,eier-ei-ersatz
REWE Beste Wahl Frische Eier aus Freilandhaltung 6 Stück,"2,09 €",6 Stück,https://img.rewe-static.de/9952769/46463578_digital-image.png?imwidth=304&impolicy=kues,eier-ei-ersatz
REWE Feine Welt Wachteleier Auslaufhaltung 12 Stück,"2,99 €",12 Stück,https://img.rewe-static.de/7056609/26873057_digital-image.png?imwidth=304&impolicy=kues,eier-ei-ersatz
"Veggo Aquafaba Ei Ersatz vegan 0,5l","2,99 €","0,50l (1 l = 5,98 €)",https://img.rewe-static.de/7829092/35149112_digital-image.png?imwidth=304&impolicy=kues,eier-ei-ersatz
REWE Bio + vegan Eiersatz 15g,"0,79 €","15g (1 kg = 52,67 €)",https://img.rewe-static.de/8893877/39124597_digital-image.png?imwidth=304&impolicy=kues,eier-ei-ersatz
ja! Frische Eier aus Bodenhaltung 10 Stück,"1,99 €",10 Stück,https://img.rewe-static.de/7937888/32330762_digital-image.png?imwidth=304&impolicy=kues,eier-ei-ersatz
ja! Bunte Eier 10 Stück,"2,49 €",10 Stück,https://img.rewe-static.de/8929423/42230094_digital-image.png?imwidth=304&impolicy=kues,eier-ei-ersatz
"Arla LactoFree Laktosefreie Milch 1,5% 1l","2,09 €",1l,https://img.rewe-static.de/8023985/40601699_digital-image.png?imwidth=304&impolicy=kues,frischmilch
"Arla LactoFree Laktosefreie Milch 3,5% 1l","2,19 €",1l,https://img.rewe-static.de/8398989/40601719_digital-image.png?imwidth=304&impolicy=kues,frischmilch
"Hemme Milch Frische Vollmilch 3,7% 1l","1,59 €",1l,https://img.rewe-static.de/1042422/8646730_digital-image.png?imwidth=304&impolicy=kues,frischmilch
"REWE Bio Frische Weidemilch 3,8% 1l","1,25 €",1l,https://img.rewe-static.de/0197872/2357080_digital-image.png?imwidth=304&impolicy=kues,frischmilch
Bärenmarke Die Alpenfrische Vollmilch 1l,,1l,https://img.rewe-static.de/1252410/25380943_digital-image.png?imwidth=304&impolicy=kues,frischmilch
"Bärenmarke Alpenfrische Milch 1,8% 1l",,1l,https://img.rewe-static.de/4561767/3754160_digital-image.png?imwidth=304&impolicy=kues,frischmilch
"Weihenstephan Frische Milch 1,5% 0,5l","1,05 €","0,50l (1 l = 2,10 €)",https://img.rewe-static.de/0533822/7397490_digital-image.png?imwidth=304&impolicy=kues,frischmilch
"Weihenstephan Frische Milch 3,5% 0,5l","1,09 €","0,50l (1 l = 2,18 €)",https://img.rewe-static.de/0547965/21421542_digital-image.png?imwidth=304&impolicy=kues,frischmilch
"REWE Bio Frische Weidemilch 1,5% 1l","1,15 €",1l,https://img.rewe-static.de/0197862/3568680_digital-image.png?imwidth=304&impolicy=kues,frischmilch
Gläserne Molkerei Bio Frische Weidemilch 1l,"1,65 €",1l,https://img.rewe-static.de/2213477/34267599_digital-image.png?imwidth=304&impolicy=kues,frischmilch
"REWE Beste Wahl Weide Vollmilch 3,5% 1l","1,25 €",1l,https://img.rewe-static.de/8045202/30643271_digital-image.png?imwidth=304&impolicy=kues,frischmilch
"Gläserne Molkerei Frische Weidemilch Bio 3,8 1l","1,75 €",1l,https://img.rewe-static.de/2196833/33828513_digital-image.png?imwidth=304&impolicy=kues,frischmilch
"Landliebe frische Landmilch 3,8% 1l","1,69 €","1l
zzgl. 0,15€ Pfand",https://img.rewe-static.de/4561040/7396890_digital-image.png?imwidth=304&impolicy=kues,frischmilch
"ja! Frische Vollmilch 3,5% 1l","1,09 €",1l,https://img.rewe-static.de/2865690/25483483_digital-image.png?imwidth=304&impolicy=kues,frischmilch
"ja! Frische fettarme Milch 1,5% 1l","0,99 €",1l,https://img.rewe-static.de/2865662/25483298_digital-image.png?imwidth=304&impolicy=kues,frischmilch
